<record><leader>00000cas a22000007a 4500</leader><controlfield tag="001">18139663</controlfield><controlfield tag="008">880627d18861958nyumr ne      0    0eng d</controlfield><datafield ind1=" " ind2=" " tag="010"><subfield code="a">sn 88074264 </subfield></datafield><datafield ind1=" " ind2=" " tag="040"><subfield code="a">NYS</subfield><subfield code="b">eng</subfield><subfield code="c">NYS</subfield><subfield code="d">OCLCQ</subfield></datafield><datafield ind1=" " ind2=" " tag="042"><subfield code="a">msc</subfield></datafield><datafield ind1="0" ind2="4" tag="245"><subfield code="a">The Rose times.</subfield></datafield><datafield ind1=" " ind2=" " tag="260"><subfield code="a">Rose, N.Y. :</subfield><subfield code="b">B.E. Valentine,</subfield><subfield code="c">1886-</subfield></datafield><datafield ind1=" " ind2=" " tag="300"><subfield code="a">v.</subfield></datafield><datafield ind1=" " ind2=" " tag="310"><subfield code="a">Monthly</subfield></datafield><datafield ind1="0" ind2=" " tag="362"><subfield code="a">Vol. 1, no. 1 (Sept. 20, 1886)-</subfield></datafield><datafield ind1="1" ind2=" " tag="362"><subfield code="a">Ceased in 1958?</subfield></datafield><datafield ind1=" " ind2="4" tag="651"><subfield code="a">Rose (N.Y.)</subfield><subfield code="v">Newspapers.</subfield></datafield><datafield ind1=" " ind2=" " tag="752"><subfield code="a">United States</subfield><subfield code="b">New York</subfield><subfield code="c">Wayne</subfield><subfield code="d">Rose.</subfield></datafield><datafield ind1="0" ind2="7" tag="785"><subfield code="t">Clyde independent</subfield><subfield code="w">(DLC)sn 88074265</subfield><subfield code="w">(OCoLC)18187858</subfield></datafield><datafield ind1="0" ind2="7" tag="785"><subfield code="t">Clyde independent &amp; the Rose times</subfield><subfield code="w">(DLC)sn 88074267</subfield><subfield code="w">(OCoLC)18187858</subfield></datafield></record>